% Encoding: UTF-8

@Book{ScherzPaul2013Pefi,
  author    = {Scherz, Paul},
  publisher = {McGraw-Hill Education LLC},
  title     = {Practical electronics for inventors},
  year      = {2013},
  address   = {New York NY},
  edition   = {3rd edition},
  isbn      = {978-0-07-177133-7},
  keywords  = {ELEKTRISCHE SCHALTKREISE + ELEKTRONISCHE SCHALTKREISE (ELEKTROTECHNIK): 621.3.049.1},
  language  = {eng},
}

@Book{HeinemanGeorgeT2015AiaN,
  author    = {Heineman, George T},
  publisher = {O'Reilly Media, Inc},
  title     = {Algorithms in a Nutshell, 2nd Edition},
  year      = {2015},
  isbn      = {1-4919-1298-7},
}

@Book{Lizon2020Fund,
  author    = {Lizon, Georg and Hall, Christopher and Andrews, Ryan and Wuerker, Joachim},
  publisher = {Texas Instruments Incorporated},
  title     = {Fundamentals of Precision ADC Noise Analysis},
  year      = {2020},
  subtitle  = {Design tips and tricks to reduce noise with delta-sigma ADCs},
}

@InProceedings{beskhyroun2012low,
  author    = {Beskhyroun, Sherif and Ma, Q.},
  booktitle = {Proc. of the 15th World Conference on Earthquake Engineering},
  title     = {Low-cost accelerometers for experimental modal analysis},
  year      = {2012},
}

@Article{piana2016experimental,
  author    = {Piana, Gianfranco and Lofrano, Egidio and Carpinteri, Alberto and Paolone, Achille and Ruta, Giuseppe},
  journal   = {Meccanica},
  title     = {Experimental modal analysis of straight and curved slender beams by piezoelectric transducers},
  year      = {2016},
  number    = {11},
  pages     = {2797--2811},
  volume    = {51},
  publisher = {Springer},
}

@Article{schwarz1999experimental,
  author    = {Schwarz, Brian J and Richardson, Mark H},
  journal   = {CSI Reliability week},
  title     = {Experimental modal analysis},
  year      = {1999},
  number    = {1},
  pages     = {1--12},
  volume    = {35},
  publisher = {Orlando FL},
}

@Article{waltham2009construction,
  author    = {Waltham, Chris and Kotlicki, Andrzej},
  journal   = {American Journal of Physics},
  title     = {Construction and calibration of an impact hammer},
  year      = {2009},
  number    = {10},
  pages     = {945--949},
  volume    = {77},
  publisher = {American Association of Physics Teachers},
}

@InProceedings{girolami2018modal,
  author       = {Girolami, Alberto and Zonzini, Federica and De Marchi, Luca and Brunelli, Davide and Benini, Luca},
  booktitle    = {2018 IEEE International Symposium on Circuits and Systems (ISCAS)},
  title        = {Modal analysis of structures with low-cost embedded systems},
  year         = {2018},
  organization = {IEEE},
  pages        = {1--4},
}

@InProceedings{haritos2009low,
  author    = {Haritos, Nicholas},
  booktitle = {Australian Earthquake Engineering Society Conference},
  title     = {Low cost accelerometer sensors-applications and challenges},
  year      = {2009},
}

@Article{chan2017multiple,
  author    = {Chan, Yum Ji and Huang, Jing-Wei},
  journal   = {Mechatronics},
  title     = {Multiple-point vibration testing with micro-electromechanical accelerometers and micro-controller unit},
  year      = {2017},
  pages     = {84--93},
  volume    = {44},
  publisher = {Elsevier},
}

@Article{koene2019internet,
  author    = {Koene, Ivar and Viitala, Raine and Kuosmanen, Petri},
  journal   = {IEEE Access},
  title     = {Internet of Things based monitoring of large rotor vibration with a microelectromechanical systems accelerometer},
  year      = {2019},
  pages     = {92210--92219},
  volume    = {7},
  publisher = {IEEE},
}

@Article{esu2013integration,
  author    = {Esu, Ozak O and Flint, James A and Watson, Simon J},
  journal   = {system},
  title     = {Integration of low-cost accelerometers for condition monitoring of wind turbine blades},
  year      = {2013},
  pages     = {15},
  volume    = {14},
  publisher = {Citeseer},
}

@PhdThesis{esu2016vibration,
  author = {Esu, Ozak O},
  school = {Loughborough University},
  title  = {Vibration-based condition monitoring of wind turbine blades},
  year   = {2016},
}

@Article{esu2014integration,
  author    = {Esu, Ozak O and Lloyd, Steven D and Flint, James A and Watson, Simon J},
  title     = {Integration of low-cost consumer electronics for in-situ condition monitoring of wind turbine blades},
  year      = {2014},
  publisher = {IET},
}
@article{sohn2016feasibility,
  title={Feasibility study on the use of wireless accelerometers in the experimental modal testing},
  author={Sohn, Surgwon},
  journal={The Journal of Supercomputing},
  volume={72},
  number={7},
  pages={2848--2859},
  year={2016},
  publisher={Springer}
}@inproceedings{vollmer2009construction,
  title={Construction kit for low-cost vibration analysis systems based on low-cost acceleration sensors},
  author={Vollmer, Josef and Hu, Yanting and Neumann, Thomas and Solda, Erik},
  booktitle={2009 IEEE/ASME International Conference on Advanced Intelligent Mechatronics},
  pages={463--468},
  year={2009},
  organization={IEEE}
}@article{waltham2009construction,
  title={Construction and calibration of an impact hammer},
  author={Waltham, Chris and Kotlicki, Andrzej},
  journal={American Journal of Physics},
  volume={77},
  number={10},
  pages={945--949},
  year={2009},
  publisher={American Association of Physics Teachers}
}@article{moreno2020acquisition,
  title={The Acquisition Rate and Soundness of a Low-Cost Data Acquisition System (LC-DAQ) for High Frequency Applications},
  author={Moreno, Ciro and Gonz{\'a}lez, Alejandro and Olazagoitia, Jos{\'e} Luis and Vinolas, Jordi},
  journal={Sensors},
  volume={20},
  number={2},
  pages={524},
  year={2020},
  publisher={Multidisciplinary Digital Publishing Institute}
}

@Book{webster2018measurement,
  author    = {Webster, John G and Eren, Halit},
  publisher = {CRC press},
  title     = {Measurement, Instrumentation, and Sensors Handbook: Two-Volume Set},
  year      = {2018},
}

@Article{simons1923cable,
  author    = {Simons, Donald M},
  journal   = {Transactions of the American Institute of Electrical Engineers},
  title     = {Cable geometry and the calculation of current-carrying capacity},
  year      = {1923},
  pages     = {600--620},
  volume    = {42},
  publisher = {IEEE},
}

@Book{Stiny2019AeB,
  author    = {Stiny},
  publisher = {Springer Fachmedien Wiesbaden},
  title     = {Aktive elektronische Bauelemente},
  year      = {2019},
  isbn      = {3-658-24751-7},
}

@Book{fu2001modal,
  author    = {Fu, Zhi-Fang and He, Jimin},
  publisher = {Elsevier},
  title     = {Modal analysis},
  year      = {2001},
}

@Article{schwarz1999experimental,
  author    = {Schwarz, Brian J and Richardson, Mark H},
  journal   = {CSI Reliability week},
  title     = {Experimental modal analysis},
  year      = {1999},
  number    = {1},
  pages     = {1--12},
  volume    = {35},
  publisher = {Orlando FL},
}

@Comment{jabref-meta: databaseType:bibtex;}
